<?xml version="1.0" encoding="UTF-8"?><collection xmlns="http://www.loc.gov/MARC21/slim"><record><leader>00327nam--2200133-i-4500</leader><controlfield tag="001">000043441</controlfield><controlfield tag="002">20161230</controlfield><controlfield tag="005">20161230201044</controlfield><controlfield tag="008">060222s1000------------r-----000-0-eng-d</controlfield><datafield ind1=" " ind2=" " tag="100"><subfield code="a">Szilard,Z.,Gyorgy,K</subfield></datafield><datafield ind1=" " ind2=" " tag="245"><subfield code="a">A tavcso vilaga</subfield></datafield><datafield ind1=" " ind2=" " tag="260"><subfield code="a">Budapest, Gondolat Kiado, 1958. 538 P</subfield></datafield><datafield ind1=" " ind2=" " tag="490"><subfield code="a">A Termeszet Vilaga</subfield></datafield><datafield ind1=" " ind2=" " tag="852"><subfield code="a">5946</subfield></datafield></record></collection>